<record xmlns="http://www.loc.gov/MARC21/slim">
   <leader>01114crm a2200277 a 4500</leader>
   <controlfield tag="001">1346560</controlfield>
   <controlfield tag="008">910102s1985    enk               aneng c</controlfield>
   <datafield ind1=" " ind2=" " tag="035">
      <subfield code="a">ocm70308858</subfield>
   </datafield>
   <datafield ind1=" " ind2=" " tag="040">
      <subfield code="b">eng</subfield>
   </datafield>
   <datafield ind1=" " ind2=" " tag="043">
      <subfield code="a">e-uk-en</subfield>
   </datafield>
   <datafield ind1=" " ind2=" " tag="049">
      <subfield code="a">AEU</subfield>
      <subfield code="b">eng</subfield>
   </datafield>
   <datafield ind1=" " ind2="3" tag="055">
      <subfield code="a">N 7433.4 J79</subfield>
      <subfield code="b">A6 D219 1985</subfield>
   </datafield>
   <datafield ind1="0" ind2=" " tag="090">
      <subfield code="a">N 7433.4 J79 A6 D219 1985 folio</subfield>
   </datafield>
   <datafield ind1="1" ind2=" " tag="100">
      <subfield code="a">Jones, Shirley,</subfield>
      <subfield code="d">1934 November 14-</subfield>
   </datafield>
   <datafield ind1="1" ind2="2" tag="245">
      <subfield code="a">A dark side of the sun</subfield>
      <subfield code="h">[art original].</subfield>
   </datafield>
   <datafield ind1=" " ind2=" " tag="260">
      <subfield code="a">[Croydon] :</subfield>
      <subfield code="b">Red Hen Press,</subfield>
      <subfield code="c">1985.</subfield>
   </datafield>
   <datafield ind1=" " ind2=" " tag="300">
      <subfield code="a">1 artist's book ([24] p.) :</subfield>
      <subfield code="b">col. ;</subfield>
      <subfield code="c">30 cm., in container, 32 cm.</subfield>
   </datafield>
   <datafield ind1=" " ind2=" " tag="336">
      <subfield code="a">three-dimensional form</subfield>
      <subfield code="b">tdf</subfield>
      <subfield code="2">rdacontent</subfield>
   </datafield>
   <datafield ind1=" " ind2=" " tag="338">
      <subfield code="a">object</subfield>
      <subfield code="b">nr</subfield>
      <subfield code="2">rdacarrier</subfield>
   </datafield>
   <datafield ind1=" " ind2=" " tag="500">
      <subfield code="a">Artist's book by Shirley Jones, consisting of 6 poems and 6 mezzotints, on 9 folded sheets (24 p., total).</subfield>
   </datafield>
   <datafield ind1=" " ind2=" " tag="500">
      <subfield code="a">Issued in clamshell box and slipcase.</subfield>
   </datafield>
   <datafield ind1=" " ind2=" " tag="500">
      <subfield code="a">Edition of 30 copies printed.</subfield>
   </datafield>
   <datafield ind1=" " ind2=" " tag="590">
      <subfield code="a">University of Alberta copy is no. 14, signed by the artist.</subfield>
      <subfield code="5">CaAEU</subfield>
   </datafield>
   <datafield ind1=" " ind2=" " tag="596">
      <subfield code="a">50</subfield>
   </datafield>
   <datafield ind1=" " ind2="0" tag="650">
      <subfield code="a">Artists' books</subfield>
      <subfield code="z">England.</subfield>
   </datafield>
   <datafield ind1=" " ind2=" " tag="926">
      <subfield code="a">N 7433.4 J79 A6 D219 1985 folio</subfield>
      <subfield code="w">LC</subfield>
      <subfield code="c">1</subfield>
      <subfield code="i">000035394022</subfield>
      <subfield code="l">SPECIALCOL</subfield>
      <subfield code="m">UASPCOLL</subfield>
      <subfield code="p">$150.00</subfield>
      <subfield code="r">Y</subfield>
      <subfield code="s">Y</subfield>
      <subfield code="t">NO_LOAN</subfield>
      <subfield code="u">1/17/1991</subfield>
   </datafield>
</record>
